@article{teunis2016,
  author    = {Teunis, Peter F. M. and van Eijkeren, J. C. H.},
  title     = {Linking the seroresponse to infection to within-host heterogeneity in antibody production},
  journal   = {Epidemics},
  volume    = {16},
  pages     = {33--39},
  year      = {2016},
  doi       = {10.1016/j.epidem.2016.04.001}
}